2700 4794
143 232 211 308 qm
430 216 942 285 ΠΛΟΥΤΑΡΧΟΤ.
1054 264 1061 275 .

143 379 286 479 gentius
309 380 496 480 persequar
519 383 620 481 quod
645 380 777 479 incepi.
829 379 898 453 Me
921 374 1020 451 enim
1036 372 1081 449 in
1094 398 1204 477 prae·
1222 408 1248 461 A

143 498 232 570 senti
251 497 419 571 clientem
436 500 510 595 ejus
523 499 697 597 professus
714 499 804 572 sum.
838 497 978 595 Sequor
992 518 1087 593 ergo
1104 518 1214 571 eum.

144 631 182 686 et
202 639 224 687 a
244 612 360 712 capite
383 611 590 711 reipublicae
614 640 699 688 cum
723 639 766 686 eo
787 610 901 711 usque
925 611 972 683 ad
990 610 1107 709 pedes
1124 611 1203 685 de-

144 729 335 815 scendann
363 756 405 802 es
426 750 545 803 tamen
569 729 790 818 conditione,
817 746 871 816 ut,
898 727 926 799 st
953 724 1022 816 his,
1047 725 1202 823 quibus

138 846 220 944 jura
247 845 465 943 permittitur
494 847 679 944 ignorare,¹
695 840 899 916 mordacior
922 841 961 915 in
986 841 1056 915 buc
1085 860 1201 939 parte

143 985 352 1059 apparuero,
369 958 408 1032 id
425 986 498 1034 non
516 959 618 1059 milri,
638 960 698 1031 sed
719 957 927 1046 Plutarcho,
952 954 1197 1031 adscribantr

142 1097 204 1150 aut
232 1077 298 1149 fibi
329 1076 448 1175 potius
477 1076 540 1173 qui
568 1078 728 1174 regulam
754 1100 864 1174 quarn
888 1072 1126 1173 profitentur,
1153 1091 1240 1153 ets

141 1218 214 1292 qua
229 1192 426 1267 vivendum
444 1195 495 1266 est
512 1193 574 1282 eis,
594 1191 728 1265 discere
745 1192 951 1267 noluerunt.

191 1306 261 1382 IX.
299 1307 434 1381 Manus
450 1306 569 1405 itaque
588 1303 795 1403 reipublicae
811 1321 873 1377 aut
888 1320 1022 1377 armna
1037 1304 1107 1395 est,
1125 1322 1196 1379 aut
1238 1318 1249 1343 ⁸

143 1422 296 1499 inermis.
333 1427 502 1523 Oportet,
521 1424 639 1523 inquit
658 1419 822 1510 Pericles,
841 1421 1018 1517 collegam
1036 1419 1194 1519 Sopho·

141 1542 235 1613 clem
252 1565 414 1639 arguens,
431 1557 622 1638 praetorem
639 1564 712 1611 non
729 1539 839 1611 modo
855 1533 1076 1625 manus,.sed
1091 1560 1191 1612 ocu·

141 1659 194 1731 los
211 1658 341 1730 habere
360 1657 594 1730 continentes.

188 1770 241 1845 X
277 1771 468 1844 Poetarum
479 1769 703 1844 doetiffimus
717 1769 840 1857 Maro,
850 1768 896 1841 ad
909 1788 1021 1866 quern
1036 1764 1190 1845 Plutar·
1209 1797 1237 1850 c

139 1887 230 1962 thus
251 1886 355 1960 suurn
380 1885 531 1960 destinat
558 1886 754 1984 Trajanum
774 1905 816 1959 ut
841 1884 987 1959 civilem
1003 1883 1118 1959 vitam
1136 1888 1190 1962 ab

140 2000 266 2103 apibus
290 2019 488 2094 mutuetur,
505 2001 720 2077 Admiranda
741 2000 831 2076 canit
848 1997 972 2077 levium
981 2002 1191 2101 spectacula

138 2148 260 2197 rerum,
290 2121 425 2196 Cet.-

187 2240 258 2314 Xl.
296 2239 478 2314 Quocirca
499 2237 563 2337 qui
587 2239 687 2312 miles
714 2238 783 2311 elle
805 2237 973 2329 voluerit,
989 2236 1189 2337 praediscat

138 2372 262 2443 artem,
278 2379 428 2454 eamque
445 2355 511 2427 usu
528 2372 564 2428 et
581 2353 754 2428 exercitio
772 2352 905 2443 firmet,
918 2371 960 2426 ut
977 2378 1062 2428 curn
1080 2356 1201 2431 elec-·

138 2488 195 2540 tus
217 2466 324 2540 fuerit
350 2484 386 2540 et
407 2466 545 2539 militiae
568 2468 785 2540 sacramento
806 2465 1008 2559 adstritstus,
1029 2467 1185 2568 reipub·
1207 2504 1233 2555 υ

75 2582 81 2596 “
136 2581 219 2655 licae
243 2598 277 2654 et
300 2580 367 2654 fibi
388 2579 525 2654 utiliter
545 2581 655 2672 vivat,
672 2601 708 2653 et
732 2607 805 2655 non
826 2582 883 2672 stt,
905 2600 1014 2683 prout
1035 2583 1182 2659 Plutar-

138 2698 228 2770 chus
245 2697 306 2786 ait,
323 2723 448 2771 manus
470 2723 608 2772 manca.
659 2698 729 2770 His
751 2697 848 2772 enim
870 2696 986 2773 verbis
1008 2698 1045 2773 in
1068 2700 1183 2777 Insti-

135 2813 275 2886 tutione
292 2811 436 2910 Trajuni
453 2812 639 2888 novillime
658 2815 739 2888 ulirs
756 2816 819 2888 est.
872 2815 1071 2913 Sequarnur
1087 2842 1181 2919 ergo
1236 2816 1242 2825 ’

136 2958 233 3023 eurn,
255 2951 302 3025 et,
324 2934 417 3007 ficut
442 2931 515 3031 ipse
536 2932 598 3024 ait,
621 2933 718 3031 quast
745 2932 867 3006 soccos
892 2931 1043 3030 pedibus
1064 2934 1179 3011 facia·

135 3074 227 3137 mus,
240 3068 364 3122 utnon
379 3048 608 3122 offendantur
618 3051 663 3121 ad
674 3048 830 3147 lapidem
844 3047 1030 3124 obicemve
1048 3049 1178 3145 alium,

135 3192 244 3265 quem
262 3166 450 3263 multiplex
468 3165 598 3265 ingerit
615 3166 726 3240 casus.
1198 3194 1220 3249 ι

184 3281 272 3355 Xll.
313 3284 422 3355 Unde
441 3283 652 3355 Plutarchus
670 3309 710 3355 ea
727 3280 818 3355 dicit
835 3280 871 3354 in
889 3277 1056 3357 omnibus
1071 3284 1177 3360 exse·

40 3452 46 3464 .
133 3400 287 3496 quenda,
295 3423 376 3495 quse
391 3395 653 3487 humilioribus,
666 3397 701 3469 id
713 3399 763 3472 est
774 3399 1011 3488 multitudini,
1021 3400 1175 3497 prosint.

183 3512 290 3586 Xlll.
328 3513 422 3586 Rem
441 3512 625 3610 politicam
641 3511 774 3612 legitur
791 3515 952 3587 Socrates
969 3514 1174 3609 instituille,

132 3758 161 3806 B.
174 3772 198 3821 3.
215 3752 277 3821 lx.]
296 3756 353 3802 lbid.
366 3756 396 3803 ri.
411 3773 430 3805 r.
459 3759 524 3804 Forte
540 3757 655 3804 omuisah
667 3756 733 3804 initio
743 3756 848 3819 usquead
859 3758 936 3815 verba,
948 3756 1141 3821 pmsaiendun

260 3824 393 3886 ejlgmvirre
401 3823 487 3869 suntet
499 3822 726 3868 l'lutnrcheoliotllo.
739 3824 884 3887 Qamquarn
893 3822 1002 3870 hahttres
1010 3824 1138 3870 dubitatio.

261 3902 325 3934 uem.
351 3888 425 3932 chus
433 3899 493 3934 certe
502 3889 528 3933 ile
538 3888 622 3932 l'errtle
634 3887 715 3931 coloris
726 3889 757 3932 est
767 3887 903 3933 Plutarchti.

131 3950 160 3998 C.
174 3967 195 4002 1·
214 3949 260 4015 X.]
280 3953 337 3999 lbid.
350 3952 382 3996 νὶ.
395 3967 434 3997 21.
469 3952 542 4007 Hinc,
552 3963 575 3995 et
586 3952 636 3996 aliu
647 3967 673 3996 ex
686 3951 739 3997 locis
751 3951 801 4013 quis
818 3951 948 4015 suspicent,
964 3950 1137 4014 compilatorem

260 4017 328 4062 libelli
343 4014 472 4062 l’lotsiclrei
483 4015 550 4063 fuisse
561 4014 678 4064 bominem
691 4016 808 4069 Latinum.

131 4082 160 4125 C.
174 4095 195 4144 5.
213 4078 271 4144 xl]
290 4082 347 4127 lbid.
361 4095 390 4126 νι.
405 4096 443 4142 ¹9·

131 4145 158 4192 E.
170 4160 194 4194 2.
213 4143 283 4209 xu]
301 4146 357 4191 lbid.
369 4144 400 4191 vi.
410 4159 450 4191 20.

131 4208 156 4259 E.
170 4225 194 4272 4.
212 4208 466 4276 Xlll.]1bid.vi.25.
