2700 4794
307 269 493 337 turma
510 272 847 339 zrrrrnrournu
864 276 1064 340 haemon.
1136 292 1220 369 1909*

131 463 156 513 Α
176 435 227 511 est
248 440 349 535 quod
372 463 505 539 angues
522 437 704 539 jugulavit
725 439 764 513 in
781 438 911 516 cunis:
937 460 999 514 aur
1019 441 1157 533 officio,
1173 461 1216 518 ut

177 552 373 630 Pontifices
395 555 635 654 praefedtique
659 557 863 630 sacrorumr
890 576 952 631 aut
974 557 1147 648 moribus,
1174 576 1216 632 ut
1251 575 1255 578 ’

174 669 394 770 philosophi,
419 671 484 772 qui
509 671 640 745 mentis
665 670 799 745 divinae
828 674 994 748 haustum
1025 672 1217 774 investiga·

176 783 275 860 tione
292 804 328 860 et
345 784 604 886 dispensatione
627 787 808 886 sapientiae
831 787 1018 892 indicant:
1045 811 1107 864 aut
1128 816 1217 865 con·

176 902 326 996 ditione,
342 923 385 979 ut
400 930 491 1005 quos
509 906 612 980 favor
631 905 787 981 numinis
803 907 948 999 extulit,
964 909 1006 982 'ut
1023 908 1099 981 aliis
1123 931 1216 1007 prm.-

176 1021 301 1110 essent,
317 1046 364 1097 ex
381 1022 499 1097 cauffa
520 1023 640 1123 potius
659 1022 835 1115 familiari,
854 1025 1105 1124 quam‘oflicio
1121 1027 1217 1124 pub*-

121 1157 154 1208 -n
176 1136 262 1218 lico,
916 1224 922 1236 ι

224 1255 271 1328 V.
309 1256 408 1330 Nam
436 1252 677 1355 praecedentia
707 1255 891 1332 Plutarchi
921 1257 959 1331 in
988 1257 1217 1333 institutione
1301 1252 1321 1274 ⁹

175 1369 332 1467 Trajani,
357 1389 393 1444 et
420 1371 510 1444 Julii
539 1371 705 1447 Frontini
733 1370 771 1445 in
794 1372 890 1447 libro
917 1373 1218 1471 strategematum

176 1487 271 1584 sunt.

226 1602 291 1678 VI.
332 1602 435 1678 Quid
460 1605 506 1678 de
532 1601 754 1679 continentia
778 1602 898 1677 dicam
921 1587 1109 1701 rerumque
1127 1626 1217 1677 con-

176 1737 305 1811 temtu,
316 1719 613 1820 quandoquidem
624 1718 806 1795 Plutarchi
821 1718 1115 1817 strategematica
1125 1745 1217 1793 non·

136 1865 157 1916 c
177 1840 275 1913 nulla
292 1838 450 1938 promifi.
493 1839 553 1914 M.
579 1839 755 1913 Catonem
771 1842 900 1914 eodem
915 1841 1002 1912 rino
1019 1865 1093 1937 quo
1110 1836 1217 1911 remi·

69 2051 70 2054 Ἴ
177 1980 239 2053 ges
261 1972 475 2033 contentum
497 1955 602 2030 fuiffe
623 1955 786 2031 traditur.
837 1956 949 2029 Nunc
972 1972 1105 2044 autem,
1119 1975 1162 2028 ur
1178 1952 1218 2028 in

176 2071 333 2168 Traiano
362 2070 546 2146 Plutarchi
576 2069 878 2170 strategematicis
903 2069 1108 2168 imponatur
1138 2092 1219 2142 mo·

178 2186 257 2275 dus,
274 2202 384 2258 tantae
400 2183 622 2258 fortitudinis
644 2204 679 2258 et
701 2183 884 2259 civilitatis
900 2184 982 2273 fuit,
999 2201 1039 2256 ut
1058 2181 1218 2257 Romani

178 2299 319 2399 imperii
344 2301 448 2392 fines,
466 2303 566 2400 quod
582 2303 663 2400 post
680 2302 888 2400 Augustum
903 2301 1088 2374 defensum
1104 2300 1218 2399 magis

178 2418 306 2511 fuerat,
336 2442 446 2519 quam
475 2416 646 2494 nobiliter
678 2417 902 2518 ampliatum,
932 2417 1040 2516 longe
1074 2419 1217 2516 lateque

136 2562 160 2609 o
178 2535 411 2620 diffunderet.

227 2652 311 2728 VII.
348 2649 476 2727 Cordis
497 2652 636 2742 locum,
662 2649 813 2724 audiore
837 2648 1044 2740 Plutarcho,
1068 2650 1217 2723 Senatus
1253 2672 1284 2716 ’.

178 2769 344 2846 obtinet·
366 2770 515 2844 Senatus
531 2793 631 2859 vero,
646 2766 740 2841 ficut
757 2765 949 2866 majoribus
964 2765 1114 2866 placuit,
1133 2765 1217 2840 offi-

178 2887 227 2961 cii
244 2913 376 2962 nomen
394 2888 458 2978 est,
475 2904 511 2959 et
529 2888 638 2989 habet
653 2884 767 2960 artatis
784 2901 919 2959 notam.
946 2884 1027 2958 Cet.

228 3003 329 3077 VIII.
368 3003 471 3078 Dum
491 3001 675 3077 Plutarchi
692 3000 843 3101 vestigia
859 2999 897 3074 in
913 2998 1057 3098 Trajani
1074 2999 1218 3075 institu-

178 3117 277 3192 tione
291 3117 498 3193 familiariui
514 3119 655 3218 sequor,
669 3143 727 3192 me
745 3114 862 3216 ipsrun
877 3115 1029 3191 arbitror
1045 3116 1112 3190 hac
1129 3116 1218 3192 ima-

180 3235 263 3335 gine
279 3235 511 3336 compellari:
529 3261 663 3336 eroque
679 3234 840 3311 ludibrio
855 3234 1032 3328 omnium,
1050 3235 1115 3310 nifi
1133 3235 1217 3311 dili-

179 3503 206 3551 Β.
219 3517 242 3553 a.
259 3500 307 3571 ἲ]
328 3502 429 3564 Ibidem,
444 3518 470 3562 v,
481 3503 506 3553 8.
539 3503 650 3567 Exempla
668 3502 800 3562 Alexandri,
819 3501 943 3566 Scipionlr,
959 3501 1063 3562 Camilli,
1083 3503 1137 3552 sont
1155 3517 1185 3551 err

305 3569 419 3682 {frontino
429 3568 513 3630 sumta,
520 3568 553 3620 11.
562 3584 598 3630 rr,
608 3567 661 3632 5,6.
673 3569 752 3633 1V.4,
762 3584 786 3619 r·
796 3569 842 3618 w.
852 3572 877 3632 6,
885 3583 908 3633 3.
931 3569 990 3632 Ergo
1000 3584 1047 3618 non
1056 3568 1186 3618 exhibenda

319 3645 407 3683 uerunt

179 3696 209 3747 B.
223 3711 244 3765 ς.
257 3697 316 3764 vt]
326 3699 425 3760 Ibidem,
434 3698 553 3763 v,8,et9.
563 3696 638 3748 initio.
656 3697 990 3762 Telierordioetepilogoquae
998 3697 1184 3761 interjectarum,
1206 3715 1210 3729 ·

307 3764 358 3827 quit
368 3781 416 3823 uon
426 3776 488 3829 putet
497 3780 526 3814 ex
536 3762 671 3813 Plutareheo
680 3762 722 3810 illo
731 3762 805 3810 sumre
815 3763 858 3811 eti'e
868 3763 961 3812 libello?
972 3763 1046 3826 Atqui
1054 3762 1127 3809 aliena
1134 3760 1185 3807 sunt

307 3829 393 3878 omnir.
417 3829 520 3878 tranent
532 3828 586 3876 sunt
595 3827 640 3875 IV.
649 3841 673 3890 3,
682 3828 780 3890 exeeptir
789 3828 894 3888 duobus,
911 3843 1010 3891 quornm
1018 3829 1040 3874 id
1047 3828 1074 3873 de
1082 3825 1186 3886 Augusto

308 3894 340 3942 est
348 3893 452 3942 Suetonii
462 3891 573 3956 Armo-
585 3893 683 3941 alterum
693 3892 721 3940 de
731 3893 841 3956 Traiano,
851 3892 954 3954 EutropIi
966 3893 1016 3939 rili.
1024 3906 1047 3938 a.
1058 3901 1081 3937 et
1091 3890 1134 3953 seq.

178 3960 210 4008 D·
220 3973 246 4009 a·
263 3956 337 4071 vlt}
349 3958 407 4006 ibid.
419 3975 444 4019 v,
453 3976 475 4024 9.
487 3957 563 4008 initio.
590 3957 657 4006 Porte
673 3956 787 4021 sequentia
802 3959 904 4020 deincepr
914 3957 1034 4005 tribuenda
1044 3955 1096 4001 sunt
1106 3953 1184 4000 libello

306 4039 321 4071 o
332 4039 376 4087 que
386 4025 422 4082 ad,
430 4025 493 4084 Erre,
500 4021 708 4089 inquietarem.
717 4035 760 4072 uec
768 4033 846 4072 nmen
855 4038 895 4086 pro
902 4031 963 4070 terto
973 4019 1086 4068 affirmare
1092 4017 1183 4082 poma.

305 4090 381 4149 Igitur
390 4087 607 4151 repetereeanolui.
762 4123 763 4128 ,

177 4154 208 4205 D.
222 4168 245 4220 ς.
262 4151 346 4217 vnn]
363 4152 420 4200 ibid.
434 4153 486 4200 Lib.
495 4153 527 4200 vi.
539 4153 644 4213 Prologo.
676 4151 765 4200 Lotum
784 4149 891 4211 exhibui,
907 4163 934 4198 ut
951 4149 991 4197 alil
1008 4147 1113 4212 sospitati
1131 4147 1185 4196 inde
1216 4177 1224 4183 .

305 4217 397 4282 poffinc,
407 4228 518 4280 quatenus
527 4227 683 4280 quantumque
693 4215 825 4268 Plumehei
834 4216 937 4270 liberter
946 4214 1040 4278 vestigii
1049 4213 1138 4264 secutor
1146 4213 1183 4274 fit,

304 4294 329 4331 et
339 4284 459 4333 materiem
471 4281 596 4332 meuserit
606 4281 775 4334 Sadlbrrienl're.
