2700 4794
132 225 202 312 φο
421 222 891 292 unorrarxor

138 413 219 467 tum
234 392 414 485 metiatur,
431 411 466 467 et
487 396 588 494 quod
613 392 651 468 in
675 412 755 469 toto
777 417 927 493 corpore
949 386 1203 491 reipublicae,
1222 398 1247 453 Α

138 511 239 609 cujus
262 510 344 584 vice
370 509 519 602 fruatur,
537 506 729 608 diligenter
751 511 922 585 advertat.
972 506 1040 582 Est
1058 524 1203 585 autem

137 625 351 723 respublica,
380 625 488 720 (ficut
514 626 710 700 Plutarcho
733 626 869 725 placet)
895 648 1026 723 corpus
1059 626 1202 722 quod-

137 743 234 831 dam,
260 743 361 839 quod
388 738 503 814 divini
534 741 691 816 muneris
717 736 898 816 beneficio
922 739 1125 830 animatur,
1158 758 1203 815 et

137 857 287 931 summae
315 856 494 956 aequitatis
522 858 642 956 agitur
665 878 770 949 nutu,
795 875 833 931 et
858 856 993 958 regitur
1015 858 1202 956 quodam

138 973 381 1049 moderamine
410 972 566 1049 rationis.
616 973 672 1049 Ea
695 999 793 1065 veto,
819 998 902 1072 quae
927 975 1073 1049 cultum
1100 974 1202 1049 reli-

137 1088 255 1189 gionis
283 1090 321 1163 in
345 1088 449 1163 nobis
471 1088 662 1164 instituunt
681 1108 718 1165 et
742 1090 950 1181 informant,
966 1086 1003 1165 et
1022 1088 1103 1165 Dei
1126 1093 1243 1189 (neo

136 1206 336 1280 secundum
359 1206 594 1280 Plutarchum
618 1207 769 1281 Deomm
789 1206 924 1303 dicam)
946 1208 1199 1285 caeremonias

134 1324 295 1413 tradunt,
311 1312 432 1396 vicem
458 1321 588 1397 animae
611 1320 649 1396 in
674 1346 822 1421 corpore
848 1320 1060 1422 reipublicae
1082 1322 1200 1399 obti-

136 1456 236 1513 nent.
288 1439 373 1511 Illos
408 1460 508 1530 vero,
543 1437 607 1538 qui
640 1439 823 1538 religionis
856 1438 972 1514 cultui
1004 1440 1199 1539 praesunt,

135 1555 236 1653 quafi
254 1553 409 1627 animam
424 1554 583 1653 corporis
600 1554 775 1653 suspicere
791 1572 829 1627 et
845 1552 1003 1629 venerari
1020 1572 1197 1653 oportet.

136 1671 231 1745 Quis
253 1669 349 1743 enim
371 1668 567 1744 lanositatis
587 1668 779 1761 ministros,
796 1667 868 1743 Dei
894 1668 1002 1769 ipsrus
1022 1667 1199 1747 vicarios

136 1786 207 1861 effe
224 1784 407 1885 ambigit?
435 1782 560 1877 Porro,
575 1785 668 1859 ficut
689 1786 809 1860 anima
830 1784 942 1860 totius
964 1786 1079 1861 habet
1099 1810 1197 1865 cor·
1217 1806 1243 1857 ο

135 1902 232 2001 poris
262 1900 530 2000 principatum3
557 1897 609 1975 ita
636 1917 674 1974 et
703 1899 754 1992 hi,
781 1927 873 2001 quos
904 1902 965 1975 ille
992 1900 1196 2001 religionis

134 2016 329 2115 praefectos
358 2038 476 2108 vocat,
503 2014 572 2090 toti
599 2015 742 2116 corpori
770 2016 939 2116 praesunt.
989 2018 1196 2117 Augustus

134 2132 255 2207 Caesar
270 2133 427 2233 eousque
444 2132 623 2206 sacrorum
639 2131 879 2207 Pontificibus
895 2132 1081 2231 subjectus
1094 2132 1194 2231 firit,

134 2250 251 2325 donec
284 2270 321 2324 et
355 2249 441 2350 ipse,
471 2276 516 2324 ne
553 2248 615 2323 cui
647 2248 797 2324 omnino
829 2249 995 2343 subesset,
1024 2250 1194 2329 Vestalis

134 2385 273 2440 creatus
290 2368 343 2439 est
359 2364 541 2455 Pontifex,
559 2382 594 2438 et
616 2364 726 2464 paulo
749 2364 830 2463 post
851 2366 898 2439 ad
922 2365 1021 2440 Deos
1045 2367 1192 2445 relatus

133 2486 186 2559 est
207 2485 324 2559 virus.
378 2483 547 2581 Princeps
567 2507 655 2555 vero
678 2480 804 2579 capitis
821 2480 858 2554 in
875 2480 1060 2580 republica
1076 2484 1189 2559 obti-
1213 2506 1241 2557 o

134 2620 195 2676 net
212 2606 347 2691 locum,
365 2600 426 2674 uni
446 2599 626 2697 subjectus
644 2600 739 2689 Deo,
756 2618 792 2672 et
808 2598 864 2673 his
881 2600 945 2697 qui
960 2598 1058 2675 vices
1076 2598 1189 2679 illius

132 2738 246 2817 agunt
270 2712 307 2789 in
332 2715 458 2801 terris3
486 2714 658 2815 quoniam
675 2731 712 2787 et
727 2714 765 2786 in
784 2714 943 2789 humano
960 2740 1115 2815 corpore
1133 2721 1188 2797 ab

132 2834 253 2908 anima
279 2851 466 2932 vegetatur
499 2847 668 2929 caputet
694 2828 843 2929 regitur.
896 2829 1025 2905 Cordis
1049 2832 1188 2911 locum

131 2950 271 3023 senatus
286 2946 439 3038 obtinet,
454 2974 475 3020 a
490 2972 565 3046 quo
581 2944 761 3020 bonorum
779 2968 929 3045 operum
945 2965 981 3019 et
996 2946 1187 3026 malorum

131 3068 335 3165 procedunt
369 3062 482 3136 initia.
534 3062 751 3153 Oculorum,
781 3062 935 3153 aurium,
968 3081 1006 3137 et
1036 3061 1187 3165 linguae

131 3182 254 3255 officia
277 3180 345 3255 fibi
366 3178 552 3253 vindicant
573 3179 713 3278 judices
730 3198 766 3255 et
783 3181 949 3278 praesrdes
969 3181 1187 3282 provincia·
1209 3216 1233 3268 n

133 3324 224 3372 rum.
282 3295 469 3370 Officiales
503 3315 538 3372 et
571 3295 702 3371 milites
744 3296 909 3373 manibus
949 3316 1184 3398 coaptantur.

131 3414 207 3489 Qui
239 3416 375 3511 semper
401 3412 574 3487 adsistunt
600 3411 768 3513 principi,
791 3415 960 3490 lateribus
981 3414 1186 3494 assimilan-

131 3550 201 3609 tur.
254 3533 458 3608 Quaestores
478 3551 516 3607 et
536 3531 882 3625 commentarienses,
900 3559 974 3609 non
991 3532 1072 3609 illos
1087 3534 1186 3616 dico

250 3822 356 3888 scribitur
345 3821 471 3886 rnilflrar'or
481 3821 564 3881 Tutin·
551 3826 793 3887 rn5q„aeprparr
800 3821 1147 3903 presentlopnsusmmr'la·

253 3890 331 3955 srm,
349 3902 420 3934 anm
432 3902 505 3933 ο
421 3886 519 3961 s
505 3891 597 3935 οοοοοοὶιν
612 3886 820 3952 strgaprnur
813 3904 871 3936 rnen
856 3890 1146 3955 a-mqunrpaffnrwb

256 3972 314 4001 rain.
341 3952 464 4015 Subjungit
475 3952 593 4011 judicium
610 3952 670 3999 hoca
688 3953 848 4000 Ponitinbrnrc
859 3952 946 4013 ιοᾰει,
953 3970 1007 4002 m
1025 3972 1061 4012 εο,
1072 3970 1145 4018 qun

251 4021 290 4082 plu
292 4020 418 4081 rimaraeq
398 4016 550 4077 aesdirl'genriu
525 4016 665 4080 tudrffufim
669 4018 915 4141 ενιὲἲιτεῶένοῙψίεεν
890 4019 998 4067 mdiu

256 4080 623 4146 publaenmgstam
611 4080 740 4128 wisaram.
806 4082 1047 4161 emiasyssahrrsr
1054 4084 1145 4151 exsequi

251 4145 341 4259 [suppiles
298 4157 527 4275 wodan
537 4142 1031 4216 ssrquaepstisuffemrspm'afflm
1029 4150 1142 4199 im
