2700 4794
310 245 491 312 nutam
512 246 852 316 murmurante
871 251 1068 320 sunnon
1152 267 1219 342 905

611 468 786 549 XCVIII.

408 600 719 673 INSTITUTIO
748 604 985 679 TRAJANI.

554 802 861 835 *-

404 947 621 1025 Errsaour
648 975 705 1026 nn
733 951 988 1031 Tnasnuunr.

178 1083 208 1156 Ι.
312 1083 673 1160 LUTARCHUS
714 1087 869 1186 Trajano
902 1090 1062 1165 Salutem
1099 1091 1215 1170 Dicit.

334 1202 556 1278 Modestiam
588 1223 690 1279 tuam
722 1231 893 1281 noveram
933 1233 1007 1282 non
1048 1228 1215 1311 appetere

177 1317 432 1418 principatum,
450 1347 560 1420 quem
581 1339 701 1396 tamen
721 1323 858 1423 semper
876 1349 1019 1398 morum
1040 1326 1217 1428 elegantia

137 1459 157 1506 a
177 1435 303 1509 mereri
329 1435 508 1513 studuisti.
560 1438 646 1514 Quo
667 1437 818 1537 quidem
834 1455 935 1533 tanto
953 1438 1098 1540 dignior
1113 1443 1216 1543 judi-

178 1549 280 1641 caris,
295 1568 431 1650 quanto
443 1577 465 1624 a
478 1549 627 1626 crimine
641 1549 849 1627 ambitionis
862 1552 992 1628 videris
1010 1555 1079 1630 esse
1098 1582 1215 1632 remo·
1259 1599 1263 1605 ·

175 1663 259 1738 tior.
291 1664 404 1761 ,Tuae
430 1664 550 1765 itaque
577 1656 703 1741 virtuti
729 1670 972 1768 congratulor,
996 1689 1032 1745 et
1057 1672 1216 1748 fortunae

176 1805 291 1869 meae;
317 1781 346 1854 fi
375 1797 496 1856 tarnen
522 1781 620 1856 redte
650 1783 793 1881 gesseris
820 1810 929 1884 quern
954 1787 1068 1885 probe
1094 1812 1216 1863 meru-

175 1897 246 1973 isti.
287 1896 465 1996 Alioquin
482 1915 518 1971 te
533 1897 717 1998 periculis,
733 1916 771 1974 et
781 1925 844 1976 me
862 1902 1127 1977 detrahentium
1142 1901 1216 1978 lin-

175 2016 256 2115 guis
274 2016 478 2114 subjestum
503 2014 545 2088 iri
570 2041 646 2089 non
670 2016 829 2107 dubit03
856 2042 941 2091 cum
967 2035 1003 2092 et
1032 2017 1215 2118 ignaviam

135 2132 437 2230 clmperatorum
468 2131 589 2205 Roma
614 2156 688 2204 non
715 2131 816 2221 ferar,
843 2150 880 2205 et
907 2135 1021 2208 sermo
1045 2134 1215 2233 publicus

175 2246 312 2321 delista
340 2243 600 2344 discipulorum
629 2245 817 2321 refundere
843 2247 954 2322 soleat
985 2247 1024 2321 in
1052 2273 1216 2349 praecep·

175 2381 280 2437 tores.
332 2359 394 2443 Sic¹
407 2362 543 2435 Seneca
560 2359 717 2435 Neronis
733 2359 786 2434 sui
803 2359 932 2435 merito
949 2362 1215 2440 detrahentium

175 2475 334 2577 carpitur
349 2474 496 2575 linguis,
513 2464 794 2573 adolescentium
814 2476 960 2551 suorum
980 2478 1158 2552 temeritas
1175 2479 1214 2553 in

176 2593 444 2671 Quintilianum
475 2591 690 2684 refunditur,
716 2609 755 2667 et
770 2593 943 2668 ¹Socrates
968 2592 1007 2668 in
1033 2595 1216 2696 pupillum

173 2712 278 2785 suum
295 2708 507 2785 clementior
521 2707 741 2786 criminatur.
791 2708 854 2786 Tu
870 2736 956 2785 vero
973 2711 1118 2812 quidvis
1134 2737 1214 2788 rec-

133 2853 154 2898 u
174 2823 302 2899 rissrme
320 2850 431 2923 geres,
448 2824 476 2896 fi
494 2849 567 2897 non
585 2821 764 2898 recesseris
778 2850 800 2897 a
815 2839 851 2898 te
868 2823 957 2924 ipso.
999 2825 1038 2900 Si
1054 2825 1214 2926 primunr
1258 2880 1266 2898 i

172 2959 208 3014 te
232 2939 485 3040 composueris,
509 2941 537 3013 sr
558 2956 619 3014 tua
644 2940 766 3015 omnia
790 2937 1003 3041 disposueris
1026 2945 1073 3018 ad
1097 2943 1213 3020 virtu·

172 3079 261 3149 tem,
279 3060 376 3132 redte
403 3056 472 3131 tibi
490 3059 690 3157 procedent
709 3056 884 3133 universa.
935 3057 1101 3134 Politicae
1123 3052 1213 3136 con-

173 3173 367 3248 stitutionis
388 3175 563 3272 majorum
580 3172 673 3250 vires
695 3170 764 3247 tibi
785 3172 949 3272 expresfi.
1000 3173 1072 3248 Cui
1094 3174 1122 3248 fi
1144 3177 1213 3273 ob-¹

172 3309 359 3389 temperas,
398 3289 633 3364 Plutarchum
674 3287 822 3363 vivendi
863 3290 972 3364 habes
1012 3291 1212 3367 austorem.

171 3408 349 3509 Alioquin
367 3407 578 3508 praesentem
594 3405 781 3507 epistolam
796 3408 923 3483 testem
944 3406 1100 3494 invoco;
1127 3405 1214 3505 quia

132 3548 152 3595 a
171 3525 210 3602 in
225 3524 424 3625 perniciem
442 3523 582 3629 imperii
600 3551 673 3600 non
690 3522 810 3624 pergis
826 3525 973 3600 audiore
987 3526 1194 3602 Plutarcho.

222 3643 271 3717 Il.
297 3642 363 3716 Est
379 3667 466 3741 ergo
481 3640 638 3741 primum
655 3640 832 3734 omnium,
851 3659 893 3717 ut
918 3638 1083 3744 princeps
1100 3643 1135 3716 se
1152 3658 1210 3717 to·

172 3864 205 3909 Λ.
216 3878 239 3912 a.
260 3860 457 3911 lNS‘l'I'l'U'I‘lO
464 3860 635 3942 ruamur]
644 3862 725 3911 Refert
733 3862 830 3930 Joennes
838 3862 1002 3912 sarisberiensis
1009 3862 1034 3910 ln
1042 3861 1178 3910 Policradro

299 3927 353 3975 Lib.
364 3943 386 3974 ν.
399 3927 431 3975 vi.
445 3927 489 3974 vll.
503 3929 554 3976 rili.
570 3928 733 3992 eonjesturam
744 3930 771 3976 de
786 3927 829 3977 hoc
844 3930 920 3977 libello
935 3927 1037 3975 universe
1051 3926 1139 3990 prodidi
1151 3926 1177 3973 in

300 3992 393 4040 Praesat
405 4009 427 4054 p.
439 3991 514 4040 lavill.
523 3993 569 4056 seq.
580 3993 672 4041 uberior
683 3995 777 4056 prodam
786 3993 812 4042 in
823 3995 948 4042 Animadv.
970 3994 997 4038 ln
1008 3992 1046 4038 his
1057 3990 1112 4039 loeis
1123 3991 1178 4055 quid

297 4059 425 4114 emendare,
436 4072 481 4104 non
490 4068 538 4105 ent
548 4072 619 4120 opere
627 4059 728 4121 pretium
761 4058 789 4106 ln
798 4059 843 4106 fine
851 4059 876 4105 ii.
885 4071 922 4122 ope
935 4067 1023 4103 mutem
1035 4057 1059 4104 in
1067 4073 1128 4107 m.

173 4124 204 4169 Α.
217 4136 242 4182 4.
260 4122 276 4167 l.
312 4122 350 4168 Est
360 4120 522 4182 prasstlolllsrl
534 4123 561 4170 ad
570 4125 698 4188 Trajanum
708 4136 744 4185 ep.
755 4121 791 4201 Jo.
803 4123 886 4172 Satist.
897 4120 1005 4168 Potinae
1016 4136 1042 4179 v,
1055 4138 1075 4170 r.

173 4189 200 4235 E.
212 4201 236 4235 2.
254 4188 285 4236 11.
319 4186 416 4241 lbldem,
426 4200 452 4244 v,
461 4198 485 4233 a.
503 4186 566 4234 Huic
575 4185 626 4234 loco
636 4187 704 4236 suurn
712 4186 826 4250 judstiuro
837 4185 959 4251 prtmlttlt
972 4184 1131 4234 sarracenus
1140 4183 1177 4232 hit

303 4252 379 4302 rethia
389 4265 396 4302 r
410 4250 529 4320 &quanm
539 4251 625 4320 ajusto
631 4243 727 4321 politice
734 4250 879 4316 comisationis
886 4249 981 4315 capitula
989 4253 1010 4298 ia
1017 4250 1082 4301 libello
1092 4250 1130 4318 psi
1142 4255 1176 4298 irr-

666 4336 777 4414 3²³4
