2700 4794
305 270 487 336 amnne
507 270 844 336 armnmarou
865 270 1060 333 aaaron
1147 282 1210 355 907

131 465 156 514 Α
175 438 241 538 qui
266 440 467 515 carceribus
490 443 660 539 praesunt,
684 439 744 512 sed
767 437 916 512 comites
946 462 1064 511 rerum
1089 435 1209 536 priva*

174 574 305 645 tarum,
322 557 369 630 ad
383 554 517 629 ventris
535 574 571 628 et
590 554 836 628 intestinorum
859 554 965 627 refert
986 552 1208 651 imaginem:

176 699 261 774 quae
276 676 304 748 fi
321 674 493 749 immensa
515 672 685 747 aviditate
712 670 962 771 congesserint,
983 689 1020 745 et
1041 675 1212 770 congesta

176 791 336 866 tenacius
353 790 616 879 reservaverint,
632 775 908 864 innumerabiles
933 807 968 861 et
995 787 1209 863 incurabiles

177 925 347 1007 generant
378 908 535 996 morbos,
561 925 605 979 ut
635 904 730 978 vitiis
763 891 887 978 eorum
913 902 1023 977 totius
1052 905 1211 1002 corporis

177 1023 278 1096 ruina
299 1021 497 1095 immineat.
548 1019 704 1094 Pedibus
728 1043 815 1092 vero
840 1017 916 1090 solo
935 1015 1070 1115 jugiter
1095 1018 1209 1096 inhae-

136 1132 157 1207 s
177 1138 349 1231 rentibus,
366 1137 536 1237 agricola:
559 1154 796 1236 coaptantur:
823 1133 955 1233 quibus
981 1133 1106 1232 capitis
1125 1158 1209 1232 pro-

175 1254 336 1328 videntia
357 1271 459 1328 tanto
480 1251 594 1352 magis
612 1251 801 1327 necessaria
817 1252 881 1340 est,
898 1274 973 1351 quo
989 1253 1091 1350 plura
1108 1250 1210 1326 inve·

175 1371 282 1447 niunt
298 1371 524 1462 diverticula,
538 1371 627 1444 dum
644 1369 681 1444 in
699 1367 872 1468 obsequio
889 1366 1047 1467 corporis
1065 1367 1102 1441 in
1121 1386 1212 1443 terra

176 1486 401 1585 gradiuntur,
431 1485 550 1585 eisque
579 1486 707 1582 justius
740 1503 1030 1584 tegumentorum
1060 1484 1212 1558 debetur

176 1600 401 1699 suffragium,
417 1599 481 1699 qui
498 1599 608 1675 totius
625 1599 785 1700 corporis
802 1599 957 1699 erigunt,
975 1598 1157 1691 sustinent,
1176 1618 1213 1674 et

176 1739 390 1816 promovent
405 1718 551 1792 molem.
586 1718 725 1792 Pedum
739 1716 957 1791 adminicula
973 1715 1214 1791 robustissimo
1227 1702 1230 1711 ¹

135 1856 326 1936 ocorpore
351 1839 452 1928 tolle,
479 1833 549 1911 suis
577 1833 714 1911 viribus
741 1858 816 1909 non
842 1837 1036 1933 procedet:
1063 1835 1124 1908 sed
1150 1854 1212 1910 aut

175 1953 341 2052 turpiter,
369 1951 557 2043 inutiliter,
580 1972 617 2027 et
645 1955 793 2028 moleste
820 1942 985 2028 manibus
1013 1972 1123 2052 repet,
1150 1972 1212 2029 aut
1271 2048 1273 2054 Ι

176 2067 366 2142 brutorum
380 2066 589 2141 animalium
606 2093 674 2166 ope
691 2065 906 2142 movebitur.

227 2181 294 2254 Ill.
334 2181 378 2253 In
400 2180 538 2255 summa
567 2195 654 2279 ergo
679 2198 834 2279 quatuor
859 2182 952 2271 sunt,
980 2205 1063 2281 quae
1085 2179 1213 2255 nititur

177 2292 388 2392 reipublicae
403 2291 626 2393 principibus
642 2284 823 2367 inculcare
839 2323 849 2369 :
878 2295 1111 2369 reverentiam
1128 2296 1212 2386 Dei,

176 2413 316 2484 cultum
345 2409 411 2502 sui,
434 2408 659 2508 disciplinam
686 2409 898 2484 officialium
923 2429 959 2484 et
982 2414 1212 2509 potestatum,

134 2523 352 2599 naffeslum
372 2541 409 2599 et
428 2523 694 2624 protectionem
714 2523 950 2601 subditorum.
986 2527 1109 2601 Deum
1125 2554 1212 2627 ergo

176 2637 355 2739 inprimis
375 2639 494 2715 asserit
515 2640 789 2717 honorandum:
815 2626 946 2716 deinde
964 2641 998 2715 se
1016 2642 1131 2741 ipsum
1148 2668 1212 2719 co·
1233 2658 1237 2668 “

175 2756 325 2829 lendum
350 2753 576 2855 unicuique:
610 2757 703 2854 post,
729 2775 772 2832 ut
797 2754 1002 2832 doctrinam
1029 2759 1213 2858 praeposrti

176 2869 286 2945 totius
313 2870 502 2970 disciplina
530 2873 658 2944 domus
684 2873 867 2946 redoleat:
898 2889 935 2946 et
959 2876 1104 2950 tandem
1129 2873 1212 2948 uni-

177 2984 320 3057 versitas
347 2984 594 3082 subjeslorum
621 2985 667 3057 de
694 2982 820 3084 capitis
843 2986 1117 3085 praeposrtorum
1143 2986 1212 3060 fibi

177 3095 424 3171 incolumitate
446 3099 597 3172 laetetur.
649 3099 874 3198 Magnorum
891 3126 1036 3201 quoque
1053 3101 1213 3178 virorum

137 3236 157 3284 a
176 3199 484 3311 strategematibus
501 3231 537 3287 et
552 3214 843 3314 strategematicis
859 3216 983 3292 utitur.

225 3329 291 3404 1V.
324 3329 407 3430 Ego
431 3348 468 3404 et
489 3330 526 3406 in
548 3331 634 3422 boc,
650 3332 744 3407 sicut
762 3349 799 3406 et
821 3333 858 3406 in
878 3333 1053 3432 plurimis,
1075 3335 1214 3411 Plutar-

177 3448 289 3522 chum
311 3449 440 3524 censeo
464 3447 696 3541 audiendum,
713 3448 777 3548 qui
798 3451 915 3525 Deam
935 3475 1071 3525 caecam
1091 3455 1214 3527 colen-

176 3567 261 3639 dam
283 3565 354 3643 effe
377 3583 498 3664 negat,
521 3566 671 3641 asserens
697 3591 775 3640 eam
797 3566 864 3640 nist
884 3593 906 3640 a
928 3567 1033 3641 caecis
1050 3568 1122 3642 coli
1139 3593 1214 3642 non

177 3681 289 3782 posse.
340 3681 466 3758 Multa
494 3707 641 3782 quoque
674 3682 844 3784 proponit
872 3685 1049 3783 exempla,
1080 3683 1214 3782 quibua

177 3936 207 3985 c.
218 3952 245 3998 4ο
261 3933 321 4003 nin]
338 3935 509 3999 lbldmpvjss

176 4002 204 4051 E.
218 4016 241 4050 ι.
259 3999 353 4068 nvitun]
371 4003 493 4066 Sequentia
508 4003 535 4052 tle
552 4002 633 4051 Numa
651 4000 742 4051 somne
759 4002 811 4052 sunt
825 4018 855 4052 ex
872 4003 952 4050 eodem
962 3998 1047 4049 libello.
1075 3999 1118 4047 Sed
1132 4000 1183 4063 ejus

306 4066 420 4130 plerosque
430 4066 491 4116 loeoe
499 4068 532 4116 lta
539 4066 584 4115 sule
593 4066 740 4118 commiscuit
749 4078 774 4115 et
782 4069 903 4116 conuenit
912 4064 1086 4121 sarisberiensis,
1095 4075 1122 4111 ut
1130 4065 1184 4113 serit

305 4143 386 4181 certo:
394 4131 414 4180 se
425 4131 526 4181 invicem
535 4130 631 4183 discerni
641 4148 667 4181 ae
719 4132 824 4181 habiliter
832 4133 921 4194 excerpi
933 4141 1052 4195 nequeant.
1070 4130 1149 4194 ltaque
1159 4143 1182 4184 et

305 4194 349 4244 hoe
359 4196 417 4245 libro
424 4195 456 4243 V.
467 4207 492 4244 et
501 4197 621 4267 proximis,
632 4212 673 4250 eru
683 4208 707 4247 re
717 4196 851 4263 requmvt
863 4195 958 4249 tuane.

177 4259 207 4309 E.
218 4273 242 4311 a.
260 4258 320 4326 Ν]
338 4261 437 4322 Ibidem,
446 4276 505 4324 ’,4.
